% sources reused from midterm report
@online{vienna-treaty,
  url = {https://treaties.un.org/Pages/ViewDetailsIII.aspx?src=TREATY&mtdsg_no=XI-B-19&chapter=11&Temp=mtdsg3&lang=en},
  urldate = {2022-04-24},
  author= {United Nations Conference on Road Traffic},
  title = {19. Convention on Road Traffic},
  year = {1968},
}

@online{STVO2,
  url = {https://www.gesetze-im-internet.de/stvo_2013/__2.html},
  urldate = {2022-04-26},
  author= {Federal Ministry of Justice in Germany},
  title = {Straßenverkehrsordnung: Straßenbenutzung durch Fahrzeuge},
  year = {2013},
}


% my own sources
@online{cpp-vector,
  url = {https://cplusplus.com/reference/vector/vector/},
  urldate = {2022-06-15},
  author = {cpluplus.com},
  title = {Vector - C++ Reference},
  year = {2022},
}

